Sub-Category,Sales,Region,Order ID,Order Date,Ship Date,Ship Mode,Customer ID,Customer Name,Segment,Country,City,State,Product ID,Category,Product Name
Storage,5.98,West,CA-2016-137729,5/5/2016,5/9/2016,Standard Class,BF-11005,Barry Franz,Home Office,United States,Los Angeles,California,OFF-ST-10001505,Office Supplies,"Perma STOR-ALL Hanging File Box, 13 1/8""W x 12 1/4""D x 10 1/2""H"
Storage,8.94,West,CA-2014-113320,12/12/2014,12/15/2014,Second Class,LH-17155,Logan Haushalter,Consumer,United States,Oakland,California,OFF-ST-10000617,Office Supplies,Woodgrain Magazine Files by Perma
Storage,10.48,West,US-2017-133312,11/25/2017,11/29/2017,Standard Class,BD-11500,Bradley Drucker,Consumer,United States,San Francisco,California,OFF-ST-10001325,Office Supplies,Sterilite Officeware Hinged File Box
Storage,10.56,West,CA-2017-142342,7/17/2017,7/19/2017,Second Class,AJ-10795,Anthony Johnson,Corporate,United States,Apple Valley,California,OFF-ST-10002957,Office Supplies,Sterilite Show Offs Storage Containers
Storage,10.68,West,US-2017-149006,12/6/2017,12/8/2017,Second Class,BN-11470,Brad Norvell,Corporate,United States,Brentwood,California,OFF-ST-10003221,Office Supplies,Staple magnet
Storage,10.744,West,CA-2015-133837,4/13/2015,4/18/2015,Standard Class,TH-21100,Thea Hendricks,Consumer,United States,Glendale,Arizona,OFF-ST-10000344,Office Supplies,"Neat Ideas Personal Hanging Folder Files, Black"
Storage,10.744,West,CA-2017-159884,8/31/2017,9/5/2017,Standard Class,JF-15490,Jeremy Farry,Consumer,United States,Tempe,Arizona,OFF-ST-10000344,Office Supplies,"Neat Ideas Personal Hanging Folder Files, Black"
Storage,12.624,West,CA-2017-153822,9/19/2017,9/25/2017,Standard Class,AB-10105,Adrian Barton,Consumer,United States,Phoenix,Arizona,OFF-ST-10000321,Office Supplies,Akro Stacking Bins
Storage,14.03,West,CA-2016-112578,12/29/2016,1/2/2017,Standard Class,FO-14305,Frank Olsen,Consumer,United States,Sacramento,California,OFF-ST-10003722,Office Supplies,Project Tote Personal File
Storage,14.03,West,CA-2017-118437,6/17/2017,6/21/2017,Second Class,PF-19165,Philip Fox,Consumer,United States,Olympia,Washington,OFF-ST-10003722,Office Supplies,Project Tote Personal File
Storage,14.97,West,CA-2014-168592,9/8/2014,9/14/2014,Standard Class,DP-13390,Dennis Pardue,Home Office,United States,San Francisco,California,OFF-ST-10002406,Office Supplies,Pizazz Global Quick File
Storage,14.98,West,CA-2017-130841,7/28/2017,8/1/2017,Standard Class,MH-17620,Matt Hagelstein,Corporate,United States,San Francisco,California,OFF-ST-10001580,Office Supplies,Super Decoflex Portable Personal File
Storage,15.51,West,CA-2015-167255,9/27/2015,9/29/2015,Second Class,RH-19510,Rick Huthwaite,Home Office,United States,San Francisco,California,OFF-ST-10001328,Office Supplies,"Personal Filing Tote with Lid, Black/Gray"
Storage,15.51,West,CA-2017-165155,9/21/2017,9/23/2017,First Class,BM-11575,Brendan Murry,Corporate,United States,Los Angeles,California,OFF-ST-10004950,Office Supplies,"Tenex Personal Filing Tote With Secure Closure Lid, Black/Frost"
Storage,15.58,West,CA-2017-158071,6/10/2017,6/15/2017,Standard Class,BD-11320,Bill Donatelli,Consumer,United States,Seattle,Washington,OFF-ST-10001228,Office Supplies,Personal File Boxes with Fold-Down Carry Handle
Storage,15.78,West,CA-2014-150490,8/5/2014,8/11/2014,Standard Class,SS-20590,Sonia Sunley,Consumer,United States,San Francisco,California,OFF-ST-10000321,Office Supplies,Akro Stacking Bins
Storage,15.84,West,CA-2014-133424,3/30/2014,4/4/2014,Standard Class,Dl-13600,Dorris liebe,Corporate,United States,Seattle,Washington,OFF-ST-10002957,Office Supplies,Sterilite Show Offs Storage Containers
Storage,16.06,West,CA-2017-141747,8/3/2017,8/8/2017,Second Class,SC-20230,Scot Coram,Corporate,United States,Seattle,Washington,OFF-ST-10003996,Office Supplies,"Letter/Legal File Tote with Clear Snap-On Lid, Black Granite"
Storage,16.768,West,CA-2016-126613,7/10/2016,7/16/2016,Standard Class,AA-10375,Allen Armold,Consumer,United States,Mesa,Arizona,OFF-ST-10001325,Office Supplies,Sterilite Officeware Hinged File Box
Storage,17.94,West,CA-2016-167241,8/15/2016,8/22/2016,Standard Class,BD-11320,Bill Donatelli,Consumer,United States,Los Angeles,California,OFF-ST-10001505,Office Supplies,"Perma STOR-ALL Hanging File Box, 13 1/8""W x 12 1/4""D x 10 1/2""H"
Storage,20.34,West,US-2014-138247,12/24/2014,12/29/2014,Standard Class,BF-11170,Ben Ferrer,Home Office,United States,Los Angeles,California,OFF-ST-10002301,Office Supplies,Tennsco Commercial Shelving
Storage,21.36,West,CA-2014-114510,3/14/2014,3/19/2014,Standard Class,JF-15295,Jason Fortune-,Consumer,United States,Logan,Utah,OFF-ST-10003221,Office Supplies,Staple magnet
Storage,21.39,West,CA-2014-139451,10/12/2014,10/16/2014,Standard Class,DN-13690,Duane Noonan,Consumer,United States,San Francisco,California,OFF-ST-10002370,Office Supplies,"Sortfiler Multipurpose Personal File Organizer, Black"
Storage,23.67,West,CA-2016-126732,9/2/2016,9/6/2016,Standard Class,LR-16915,Lena Radford,Consumer,United States,Los Angeles,California,OFF-ST-10000321,Office Supplies,Akro Stacking Bins
Storage,23.92,West,CA-2014-114125,7/9/2014,7/13/2014,Standard Class,GH-14410,Gary Hansen,Home Office,United States,Los Angeles,California,OFF-ST-10001505,Office Supplies,"Perma STOR-ALL Hanging File Box, 13 1/8""W x 12 1/4""D x 10 1/2""H"
Storage,26.4,West,US-2017-131849,6/6/2017,6/10/2017,Standard Class,GH-14410,Gary Hansen,Home Office,United States,San Francisco,California,OFF-ST-10002957,Office Supplies,Sterilite Show Offs Storage Containers
Storage,26.96,West,CA-2015-121391,10/4/2015,10/7/2015,First Class,AA-10315,Alex Avila,Consumer,United States,San Francisco,California,OFF-ST-10001590,Office Supplies,"Tenex Personal Project File with Scoop Front Design, Black"
Storage,27.92,West,CA-2016-147137,7/4/2016,7/6/2016,First Class,AA-10645,Anna Andreadi,Consumer,United States,San Francisco,California,OFF-ST-10002486,Office Supplies,Eldon Shelf Savers Cubes and Bins
Storage,29.304,West,CA-2015-165813,3/20/2015,3/22/2015,Second Class,BM-11785,Bryan Mills,Consumer,United States,Salem,Oregon,OFF-ST-10004258,Office Supplies,Portable Personal File Box
Storage,29.74,West,CA-2016-152940,11/10/2016,11/13/2016,First Class,RO-19780,Rose O'Brian,Consumer,United States,San Francisco,California,OFF-ST-10000352,Office Supplies,Acco Perma 2700 Stacking Storage Drawers
Storage,29.79,West,CA-2017-148264,12/8/2017,12/9/2017,First Class,LF-17185,Luke Foster,Consumer,United States,Inglewood,California,OFF-ST-10003327,Office Supplies,Akro-Mils 12-Gallon Tote
Storage,30.28,West,CA-2014-103940,9/17/2014,9/21/2014,Standard Class,BN-11515,Bradley Nguyen,Consumer,United States,Seattle,Washington,OFF-ST-10004963,Office Supplies,Eldon Gobal File Keepers
Storage,31.44,West,CA-2015-130204,9/3/2015,9/9/2015,Standard Class,DB-13120,David Bremer,Corporate,United States,San Francisco,California,OFF-ST-10001325,Office Supplies,Sterilite Officeware Hinged File Box
Storage,31.44,West,CA-2017-107986,12/13/2017,12/13/2017,Same Day,MW-18220,Mitch Webber,Consumer,United States,Seattle,Washington,OFF-ST-10001325,Office Supplies,Sterilite Officeware Hinged File Box
Storage,31.44,West,CA-2017-132521,9/23/2017,9/25/2017,Second Class,DW-13540,Don Weiss,Consumer,United States,Seattle,Washington,OFF-ST-10001325,Office Supplies,Sterilite Officeware Hinged File Box
Storage,31.44,West,US-2017-103828,8/13/2017,8/13/2017,Same Day,JK-15370,Jay Kimmel,Consumer,United States,San Francisco,California,OFF-ST-10001325,Office Supplies,Sterilite Officeware Hinged File Box
Storage,31.92,West,CA-2014-157924,10/11/2014,10/13/2014,First Class,HA-14920,Helen Andreada,Consumer,United States,Pasadena,California,OFF-ST-10002352,Office Supplies,Iris Project Case
Storage,32.48,West,CA-2017-140151,3/23/2017,3/25/2017,First Class,RB-19360,Raymond Buch,Consumer,United States,Seattle,Washington,OFF-ST-10001558,Office Supplies,Acco Perma 4000 Stacking Storage Drawers
Storage,33.29,West,CA-2014-152345,12/29/2014,1/3/2015,Second Class,ST-20530,Shui Tom,Consumer,United States,Albuquerque,New Mexico,OFF-ST-10003123,Office Supplies,Fellowes Bases and Tops For Staxonsteel/High-Stak Systems
Storage,33.29,West,US-2017-107888,11/16/2017,11/19/2017,First Class,CC-12220,Chris Cortes,Consumer,United States,Seattle,Washington,OFF-ST-10003123,Office Supplies,Fellowes Bases and Tops For Staxonsteel/High-Stak Systems
Storage,33.488,West,CA-2016-112109,7/8/2016,7/12/2016,Standard Class,JE-15715,Joe Elijah,Consumer,United States,Broomfield,Colorado,OFF-ST-10001505,Office Supplies,"Perma STOR-ALL Hanging File Box, 13 1/8""W x 12 1/4""D x 10 1/2""H"
Storage,33.63,West,CA-2015-137708,11/22/2015,11/25/2015,Second Class,NG-18430,Nathan Gelder,Consumer,United States,Los Angeles,California,OFF-ST-10004634,Office Supplies,"Personal Folder Holder, Ebony"
Storage,33.87,West,US-2016-108455,12/2/2016,12/8/2016,Standard Class,MK-18160,Mike Kennedy,Consumer,United States,San Francisco,California,OFF-ST-10002214,Office Supplies,X-Rack File for Hanging Folders
Storage,34.05,West,CA-2016-115224,12/8/2016,12/11/2016,Second Class,DB-13615,Doug Bickford,Consumer,United States,San Francisco,California,OFF-ST-10000615,Office Supplies,"SimpliFile Personal File, Black Granite, 15w x 6-15/16d x 11-1/4h"
Storage,35.168,West,US-2017-107979,6/8/2017,6/13/2017,Standard Class,FO-14305,Frank Olsen,Consumer,United States,Glendale,Arizona,OFF-ST-10002485,Office Supplies,Rogers Deluxe File Chest
Storage,37.32,West,CA-2015-104486,5/1/2015,5/6/2015,Standard Class,PO-18850,Patrick O'Brill,Consumer,United States,San Francisco,California,OFF-ST-10000876,Office Supplies,Eldon Simplefile Box Office
Storage,37.32,West,CA-2017-115931,12/22/2017,12/26/2017,Standard Class,JM-15655,Jim Mitchum,Corporate,United States,Carlsbad,New Mexico,OFF-ST-10000876,Office Supplies,Eldon Simplefile Box Office
Storage,37.68,West,CA-2017-124401,9/7/2017,9/12/2017,Standard Class,RD-19900,Ruben Dartt,Consumer,United States,Portland,Oregon,OFF-ST-10000649,Office Supplies,Hanging Personal Folder File
Storage,39.072,West,CA-2014-129364,12/8/2014,12/13/2014,Standard Class,TB-21250,Tim Brockman,Consumer,United States,Salem,Oregon,OFF-ST-10001031,Office Supplies,Adjustable Personal File Tote
Storage,39.808,West,US-2016-114230,11/27/2016,12/1/2016,Standard Class,CM-12235,Chris McAfee,Consumer,United States,Phoenix,Arizona,OFF-ST-10000876,Office Supplies,Eldon Simplefile Box Office
Storage,39.9,West,CA-2017-169929,9/25/2017,9/28/2017,First Class,LS-17200,Luke Schmidt,Corporate,United States,Helena,Montana,OFF-ST-10002352,Office Supplies,Iris Project Case
Storage,40.68,West,CA-2014-158225,9/22/2014,9/28/2014,Standard Class,SE-20110,Sanjit Engle,Consumer,United States,San Jose,California,OFF-ST-10002301,Office Supplies,Tennsco Commercial Shelving
Storage,40.68,West,CA-2017-105487,10/8/2017,10/14/2017,Standard Class,CS-12250,Chris Selesnick,Corporate,United States,San Diego,California,OFF-ST-10002301,Office Supplies,Tennsco Commercial Shelving
Storage,40.74,West,CA-2015-145415,4/12/2015,4/17/2015,Second Class,RD-19660,Robert Dilbeck,Home Office,United States,Seattle,Washington,OFF-ST-10000419,Office Supplies,"Rogers Jumbo File, Granite"
Storage,41.88,West,CA-2015-162166,9/8/2015,9/11/2015,First Class,NM-18520,Neoma Murray,Consumer,United States,Moreno Valley,California,OFF-ST-10002486,Office Supplies,Eldon Shelf Savers Cubes and Bins
Storage,41.96,West,CA-2016-155187,9/24/2016,9/26/2016,Second Class,LA-16780,Laura Armstrong,Corporate,United States,Los Angeles,California,OFF-ST-10000642,Office Supplies,"Tennsco Lockers, Gray"
Storage,42.76,West,CA-2017-108854,12/8/2017,12/14/2017,Standard Class,DM-13345,Denise Monton,Corporate,United States,San Francisco,California,OFF-ST-10001837,Office Supplies,"SAFCO Mobile Desk Side File, Wire Frame"
Storage,42.976,West,CA-2016-112669,4/14/2016,4/14/2016,Same Day,KT-16465,Kean Takahito,Consumer,United States,Glendale,Arizona,OFF-ST-10001228,Office Supplies,"Fellowes Personal Hanging Folder Files, Navy"
Storage,46.51,West,US-2017-101539,3/16/2017,3/18/2017,Second Class,VM-21685,Valerie Mitchum,Home Office,United States,Seattle,Washington,OFF-ST-10004180,Office Supplies,Safco Commercial Shelving
Storage,46.53,West,CA-2016-113096,9/2/2016,9/4/2016,First Class,SZ-20035,Sam Zeldin,Home Office,United States,San Francisco,California,OFF-ST-10003455,Office Supplies,"Tenex File Box, Personal Filing Tote with Lid, Black"
Storage,46.53,West,CA-2016-155383,12/17/2016,12/22/2016,Standard Class,SC-20680,Steve Carroll,Home Office,United States,Seattle,Washington,OFF-ST-10001328,Office Supplies,"Personal Filing Tote with Lid, Black/Gray"
Storage,46.74,West,CA-2017-152310,8/12/2017,8/19/2017,Standard Class,DK-12895,Dana Kaydos,Consumer,United States,Seattle,Washington,OFF-ST-10001228,Office Supplies,Personal File Boxes with Fold-Down Carry Handle
Storage,46.84,West,CA-2015-164882,10/31/2015,10/31/2015,Same Day,SG-20080,Sandra Glassco,Consumer,United States,Redlands,California,OFF-ST-10003638,Office Supplies,Mobile Personal File Cube
Storage,48.72,West,CA-2016-149762,12/3/2016,12/7/2016,Standard Class,RD-19720,Roger Demir,Consumer,United States,Morgan Hill,California,OFF-ST-10001558,Office Supplies,Acco Perma 4000 Stacking Storage Drawers
Storage,48.84,West,CA-2014-104178,8/25/2014,8/29/2014,Standard Class,JM-15265,Janet Molinari,Corporate,United States,Los Angeles,California,OFF-ST-10004258,Office Supplies,Portable Personal File Box
Storage,48.86,West,CA-2017-100601,11/16/2017,11/20/2017,Standard Class,JK-15370,Jay Kimmel,Consumer,United States,Fresno,California,OFF-ST-10002486,Office Supplies,Eldon Shelf Savers Cubes and Bins
Storage,50.22,West,CA-2016-165330,12/11/2016,12/11/2016,Same Day,WB-21850,William Brown,Consumer,United States,Anaheim,California,OFF-ST-10000636,Office Supplies,Rogers Profile Extra Capacity Storage Tub
Storage,51.168,West,CA-2017-135937,2/20/2017,2/27/2017,Standard Class,KM-16375,Katherine Murray,Home Office,United States,Gilbert,Arizona,OFF-ST-10000563,Office Supplies,Fellowes Bankers Box Stor/Drawer Steel Plus
Storage,51.45,West,CA-2014-166961,12/27/2014,12/31/2014,Standard Class,CD-12790,Cynthia Delaney,Home Office,United States,Moreno Valley,California,OFF-ST-10004507,Office Supplies,Advantus Rolling Storage Box
Storage,51.45,West,CA-2016-145898,9/26/2016,9/26/2016,Same Day,CM-12445,Chuck Magee,Consumer,United States,Redlands,California,OFF-ST-10004507,Office Supplies,Advantus Rolling Storage Box
Storage,51.45,West,CA-2017-127432,1/22/2017,1/27/2017,Standard Class,AD-10180,Alan Dominguez,Home Office,United States,Great Falls,Montana,OFF-ST-10004507,Office Supplies,Advantus Rolling Storage Box
Storage,53.424,West,US-2014-112872,12/6/2014,12/11/2014,Second Class,RC-19960,Ryan Crowe,Consumer,United States,Springfield,Oregon,OFF-ST-10002205,Office Supplies,File Shuttle I and Handi-File
Storage,53.72,West,CA-2014-143917,7/25/2014,7/27/2014,Second Class,KL-16645,Ken Lonsdale,Consumer,United States,San Francisco,California,OFF-ST-10001228,Office Supplies,"Fellowes Personal Hanging Folder Files, Navy"
Storage,54.32,West,CA-2017-117261,9/4/2017,9/10/2017,Standard Class,TH-21235,Tiffany House,Corporate,United States,Los Angeles,California,OFF-ST-10000419,Office Supplies,"Rogers Jumbo File, Granite"
Storage,55.5,West,CA-2014-167164,5/13/2014,5/15/2014,Second Class,AG-10270,Alejandro Grove,Consumer,United States,West Jordan,Utah,OFF-ST-10000107,Office Supplies,Fellowes Super Stor/Drawer
Storage,55.92,West,US-2014-150532,7/14/2014,7/21/2014,Standard Class,PB-19150,Philip Brown,Consumer,United States,Phoenix,Arizona,OFF-ST-10000760,Office Supplies,Eldon Fold 'N Roll Cart System
Storage,56.56,West,CA-2017-103380,11/21/2017,11/25/2017,Standard Class,BF-11005,Barry Franz,Home Office,United States,Pasadena,California,OFF-ST-10003442,Office Supplies,Eldon Portable Mobile Manager
Storage,56.56,West,CA-2017-161102,7/31/2017,8/3/2017,First Class,EC-14050,Erin Creighton,Consumer,United States,San Francisco,California,OFF-ST-10003442,Office Supplies,Eldon Portable Mobile Manager
Storage,57.23,West,US-2014-117163,1/27/2014,2/2/2014,Standard Class,EJ-13720,Ed Jacobs,Consumer,United States,San Diego,California,OFF-ST-10003692,Office Supplies,Recycled Steel Personal File for Hanging File Folders
Storage,57.93,West,CA-2014-103940,9/17/2014,9/21/2014,Standard Class,BN-11515,Bradley Nguyen,Consumer,United States,Seattle,Washington,OFF-ST-10000943,Office Supplies,Eldon ProFile File 'N Store Portable File Tub Letter/Legal Size Black
Storage,61.02,West,US-2017-123862,1/7/2017,1/9/2017,Second Class,JF-15190,Jamie Frazer,Consumer,United States,Long Beach,California,OFF-ST-10002301,Office Supplies,Tennsco Commercial Shelving
Storage,62.18,West,CA-2014-146969,9/29/2014,10/3/2014,Standard Class,AP-10915,Arthur Prichep,Consumer,United States,Los Angeles,California,OFF-ST-10004340,Office Supplies,"Fellowes Mobile File Cart, Black"
Storage,62.8,West,CA-2015-145485,11/5/2015,11/5/2015,Same Day,JM-16195,Justin MacKendrick,Consumer,United States,San Francisco,California,OFF-ST-10000649,Office Supplies,Hanging Personal Folder File
Storage,63.56,West,CA-2017-159597,11/9/2017,11/14/2017,Standard Class,MC-17590,Matt Collister,Corporate,United States,Coachella,California,OFF-ST-10002289,Office Supplies,"Safco Wire Cube Shelving System, For Use as 4 or 5 14"" Cubes, Black"
Storage,64.17,West,CA-2015-122371,9/26/2015,10/1/2015,Standard Class,BS-11800,Bryan Spruell,Home Office,United States,San Diego,California,OFF-ST-10002370,Office Supplies,"Sortfiler Multipurpose Personal File Organizer, Black"
Storage,64.96,West,CA-2016-130477,4/8/2016,4/12/2016,Standard Class,LC-17140,Logan Currie,Consumer,United States,Los Angeles,California,OFF-ST-10002583,Office Supplies,Fellowes Neat Ideas Storage Cubes
Storage,66.96,West,CA-2017-118199,5/9/2017,5/11/2017,First Class,LB-16795,Laurel Beltran,Home Office,United States,Seattle,Washington,OFF-ST-10000636,Office Supplies,Rogers Profile Extra Capacity Storage Tub
Storage,67.78,West,CA-2017-125101,3/6/2017,3/10/2017,Second Class,SH-19975,Sally Hughsby,Corporate,United States,San Francisco,California,OFF-ST-10000675,Office Supplies,"File Shuttle II and Handi-File, Black"
Storage,68.448,West,US-2017-120418,6/11/2017,6/12/2017,First Class,BC-11125,Becky Castell,Home Office,United States,Peoria,Arizona,OFF-ST-10002370,Office Supplies,"Sortfiler Multipurpose Personal File Organizer, Black"
Storage,69.52,West,CA-2017-132178,5/3/2017,5/8/2017,Second Class,DB-12970,Darren Budd,Corporate,United States,Los Angeles,California,OFF-ST-10000464,Office Supplies,"Multi-Use Personal File Cart and Caster Set, Three Stacking Bins"
Storage,69.52,West,US-2016-139087,7/17/2016,7/22/2016,Second Class,DK-13375,Dennis Kane,Consumer,United States,Seattle,Washington,OFF-ST-10000604,Office Supplies,Home/Office Personal File Carts
Storage,70.26,West,CA-2015-142454,8/15/2015,8/19/2015,Standard Class,RE-19450,Richard Eichhorn,Consumer,United States,Oakland,California,OFF-ST-10003638,Office Supplies,Mobile Personal File Cube
Storage,74.94,West,CA-2015-135580,12/30/2015,1/3/2016,Standard Class,CL-12565,Clay Ludtke,Consumer,United States,Los Angeles,California,OFF-ST-10000798,Office Supplies,2300 Heavy-Duty Transfer File Systems by Perma
Storage,77.88,West,CA-2015-152527,10/17/2015,10/17/2015,Same Day,CM-12190,Charlotte Melton,Consumer,United States,Los Angeles,California,OFF-ST-10003479,Office Supplies,"Eldon Base for stackable storage shelf, platinum"
Storage,77.88,West,CA-2016-101343,7/17/2016,7/22/2016,Standard Class,RA-19885,Ruben Ausman,Corporate,United States,Los Angeles,California,OFF-ST-10003479,Office Supplies,"Eldon Base for stackable storage shelf, platinum"
Storage,78.256,West,CA-2017-116946,12/19/2017,12/23/2017,Standard Class,TS-21505,Tony Sayre,Consumer,United States,Parker,Colorado,OFF-ST-10002554,Office Supplies,Tennsco Industrial Shelving
Storage,79.4,West,CA-2014-140039,9/13/2014,9/17/2014,Standard Class,ON-18715,Odella Nelson,Corporate,United States,Tempe,Arizona,OFF-ST-10001034,Office Supplies,Eldon File Chest Portable File
Storage,80.3,West,CA-2014-106439,10/31/2014,11/4/2014,Standard Class,GG-14650,Greg Guthrie,Corporate,United States,Los Angeles,California,OFF-ST-10003996,Office Supplies,"Letter/Legal File Tote with Clear Snap-On Lid, Black Granite"
Storage,80.88,West,CA-2015-124919,5/31/2015,6/2/2015,First Class,SP-20650,Stephanie Phelps,Corporate,United States,San Jose,California,OFF-ST-10001590,Office Supplies,"Tenex Personal Project File with Scoop Front Design, Black"
Storage,80.98,West,CA-2014-114510,3/14/2014,3/19/2014,Standard Class,JF-15295,Jason Fortune-,Consumer,United States,Logan,Utah,OFF-ST-10000736,Office Supplies,Carina Double Wide Media Storage Towers in Natural & Black
Storage,80.98,West,CA-2015-130456,8/21/2015,8/26/2015,Standard Class,DS-13180,David Smith,Corporate,United States,San Francisco,California,OFF-ST-10000736,Office Supplies,Carina Double Wide Media Storage Towers in Natural & Black
Storage,81.96,West,CA-2015-142993,10/12/2015,10/17/2015,Standard Class,KA-16525,Kelly Andreada,Consumer,United States,Seattle,Washington,OFF-ST-10000934,Office Supplies,"Contico 72""H Heavy-Duty Storage System"
Storage,82.368,West,CA-2015-129896,6/15/2015,6/20/2015,Standard Class,PF-19120,Peter Fuller,Consumer,United States,Gilbert,Arizona,OFF-ST-10004804,Office Supplies,"Belkin 19"" Vented Equipment Shelf, Black"
Storage,83.7,West,CA-2015-132948,3/27/2015,4/3/2015,Standard Class,MV-17485,Mark Van Huff,Consumer,United States,Seattle,Washington,OFF-ST-10000636,Office Supplies,Rogers Profile Extra Capacity Storage Tub
Storage,83.76,West,CA-2017-115364,6/26/2017,7/2/2017,Standard Class,OT-18730,Olvera Toch,Consumer,United States,San Diego,California,OFF-ST-10002486,Office Supplies,Eldon Shelf Savers Cubes and Bins
Storage,84.84,West,CA-2016-109925,11/6/2016,11/10/2016,Second Class,IM-15070,Irene Maddox,Consumer,United States,San Diego,California,OFF-ST-10003442,Office Supplies,Eldon Portable Mobile Manager
Storage,87.08,West,CA-2014-110555,4/11/2014,4/18/2014,Standard Class,MM-18055,Michelle Moray,Consumer,United States,Great Falls,Montana,OFF-ST-10000876,Office Supplies,Eldon Simplefile Box Office
Storage,87.92,West,CA-2016-131380,3/28/2016,3/31/2016,Second Class,CC-12220,Chris Cortes,Consumer,United States,Los Angeles,California,OFF-ST-10002485,Office Supplies,Rogers Deluxe File Chest
Storage,87.92,West,CA-2017-139437,7/3/2017,7/8/2017,Standard Class,RD-19585,Rob Dowd,Consumer,United States,Los Angeles,California,OFF-ST-10002485,Office Supplies,Rogers Deluxe File Chest
Storage,90.8,West,CA-2017-106859,3/13/2017,3/18/2017,Second Class,BF-11215,Benjamin Farhat,Home Office,United States,Albuquerque,New Mexico,OFF-ST-10000615,Office Supplies,"SimpliFile Personal File, Black Granite, 15w x 6-15/16d x 11-1/4h"
Storage,92.52,West,CA-2014-132787,9/19/2014,9/23/2014,Standard Class,MC-18130,Mike Caudle,Corporate,United States,Seattle,Washington,OFF-ST-10001321,Office Supplies,"Decoflex Hanging Personal Folder File, Blue"
Storage,92.52,West,CA-2014-144666,11/9/2014,11/11/2014,Second Class,JP-15520,Jeremy Pistek,Consumer,United States,San Francisco,California,OFF-ST-10001321,Office Supplies,"Decoflex Hanging Personal Folder File, Blue"
Storage,93.02,West,CA-2016-101189,2/4/2016,2/9/2016,Standard Class,JB-15400,Jennifer Braxton,Corporate,United States,Los Angeles,California,OFF-ST-10004180,Office Supplies,Safco Commercial Shelving
Storage,93.06,West,CA-2016-130162,10/28/2016,11/1/2016,Standard Class,JH-15910,Jonathan Howell,Consumer,United States,Los Angeles,California,OFF-ST-10001328,Office Supplies,"Personal Filing Tote with Lid, Black/Gray"
Storage,93.68,West,CA-2016-140382,6/23/2016,6/25/2016,Second Class,RD-19900,Ruben Dartt,Consumer,United States,San Francisco,California,OFF-ST-10003638,Office Supplies,Mobile Personal File Cube
Storage,95.94,West,US-2017-132444,11/18/2017,11/21/2017,First Class,CD-12280,Christina DeMoss,Consumer,United States,Seattle,Washington,OFF-ST-10000563,Office Supplies,Fellowes Bankers Box Stor/Drawer Steel Plus
Storage,99.87,West,CA-2017-100825,9/9/2017,9/14/2017,Standard Class,KD-16495,Keith Dawkins,Corporate,United States,Los Angeles,California,OFF-ST-10003123,Office Supplies,Fellowes Bases and Tops For Staxonsteel/High-Stak Systems
Storage,99.87,West,US-2017-143175,8/3/2017,8/6/2017,Second Class,GA-14515,George Ashbrook,Consumer,United States,Los Angeles,California,OFF-ST-10003123,Office Supplies,Fellowes Bases and Tops For Staxonsteel/High-Stak Systems
Storage,100.704,West,CA-2014-101175,12/9/2014,12/14/2014,Standard Class,DM-12955,Dario Medina,Corporate,United States,Mesa,Arizona,OFF-ST-10004950,Office Supplies,Acco Perma 3000 Stacking Storage Drawers
Storage,102.96,West,CA-2017-134565,6/11/2017,6/13/2017,Second Class,TB-21400,Tom Boeckenhauer,Consumer,United States,Seattle,Washington,OFF-ST-10004804,Office Supplies,"Belkin 19"" Vented Equipment Shelf, Black"
Storage,104.28,West,CA-2016-122728,5/18/2016,5/24/2016,Standard Class,EB-13930,Eric Barreto,Consumer,United States,San Francisco,California,OFF-ST-10000604,Office Supplies,Home/Office Personal File Carts
Storage,104.28,West,CA-2017-118199,5/9/2017,5/11/2017,First Class,LB-16795,Laurel Beltran,Home Office,United States,Seattle,Washington,OFF-ST-10000604,Office Supplies,Home/Office Personal File Carts
Storage,104.696,West,CA-2016-108959,3/10/2016,3/14/2016,Second Class,MH-17785,Maya Herman,Corporate,United States,Glendale,Arizona,OFF-ST-10001272,Office Supplies,"Mini 13-1/2 Capacity Data Binder Rack, Pearl"
Storage,104.79,West,CA-2015-149846,5/22/2015,5/26/2015,Standard Class,SB-20185,Sarah Brown,Consumer,United States,Los Angeles,California,OFF-ST-10002406,Office Supplies,Pizazz Global Quick File
Storage,114.288,West,US-2017-112347,12/2/2017,12/6/2017,Standard Class,BS-11380,Bill Stewart,Corporate,United States,Denver,Colorado,OFF-ST-10003306,Office Supplies,Letter Size Cart
Storage,114.46,West,CA-2016-125206,1/3/2016,1/5/2016,First Class,LR-16915,Lena Radford,Consumer,United States,Los Angeles,California,OFF-ST-10003692,Office Supplies,Recycled Steel Personal File for Hanging File Folders
Storage,115.44,West,US-2015-113593,4/18/2015,4/20/2015,First Class,NC-18415,Nathan Cano,Consumer,United States,Santa Maria,California,OFF-ST-10000532,Office Supplies,Advantus Rolling Drawer Organizers
Storage,118.25,West,CA-2017-122798,12/28/2017,1/1/2018,Standard Class,SV-20935,Susan Vittorini,Consumer,United States,Albuquerque,New Mexico,OFF-ST-10003058,Office Supplies,Eldon Mobile Mega Data Cart  Mega Stackable  Add-On Trays
Storage,119.904,West,CA-2015-124800,9/26/2015,9/30/2015,Standard Class,RW-19540,Rick Wilson,Corporate,United States,Mesa,Arizona,OFF-ST-10000798,Office Supplies,2300 Heavy-Duty Transfer File Systems by Perma
Storage,124.36,West,CA-2017-144827,12/21/2017,12/27/2017,Standard Class,SE-20110,Sanjit Engle,Consumer,United States,Costa Mesa,California,OFF-ST-10004340,Office Supplies,"Fellowes Mobile File Cart, Black"
Storage,129.3,West,CA-2017-164329,1/30/2017,1/30/2017,Same Day,MM-17920,Michael Moore,Consumer,United States,San Francisco,California,OFF-ST-10001511,Office Supplies,Space Solutions Commercial Steel Shelving
Storage,130.71,West,CA-2017-138149,6/29/2017,6/30/2017,First Class,WB-21850,William Brown,Consumer,United States,Los Angeles,California,OFF-ST-10002974,Office Supplies,"Trav-L-File Heavy-Duty Shuttle II, Black"
Storage,134.8,West,CA-2016-146325,12/14/2016,12/17/2016,First Class,DS-13180,David Smith,Corporate,United States,San Diego,California,OFF-ST-10001590,Office Supplies,"Tenex Personal Project File with Scoop Front Design, Black"
Storage,136.26,West,CA-2017-145506,6/3/2017,6/7/2017,Standard Class,MO-17800,Meg O'Connel,Home Office,United States,Spokane,Washington,OFF-ST-10004963,Office Supplies,Eldon Gobal File Keepers
Storage,139.04,West,CA-2017-161333,2/2/2017,2/7/2017,Standard Class,JL-15835,John Lee,Consumer,United States,Los Angeles,California,OFF-ST-10000464,Office Supplies,"Multi-Use Personal File Cart and Caster Set, Three Stacking Bins"
Storage,139.424,West,CA-2015-166135,10/1/2015,10/6/2015,Standard Class,SC-20440,Shaun Chance,Corporate,United States,Aurora,Colorado,OFF-ST-10002974,Office Supplies,"Trav-L-File Heavy-Duty Shuttle II, Black"
Storage,141.4,West,CA-2014-101931,10/28/2014,10/31/2014,First Class,TS-21370,Todd Sumrall,Corporate,United States,Los Angeles,California,OFF-ST-10003442,Office Supplies,Eldon Portable Mobile Manager
Storage,142.86,West,US-2014-167738,12/24/2014,12/29/2014,Standard Class,JC-16105,Julie Creighton,Corporate,United States,Los Angeles,California,OFF-ST-10003306,Office Supplies,Letter Size Cart
Storage,146.352,West,CA-2017-146346,6/17/2017,6/20/2017,First Class,RA-19945,Ryan Akin,Consumer,United States,Commerce City,Colorado,OFF-ST-10001418,Office Supplies,Carina Media Storage Towers in Natural & Black
Storage,146.73,West,CA-2015-137113,12/1/2015,12/5/2015,Second Class,TW-21025,Tamara Willingham,Home Office,United States,Seattle,Washington,OFF-ST-10002554,Office Supplies,Tennsco Industrial Shelving
Storage,147.184,West,US-2017-125717,9/28/2017,10/1/2017,First Class,DS-13030,Darrin Sayre,Home Office,United States,Aurora,Colorado,OFF-ST-10001522,Office Supplies,"Gould Plastics 18-Pocket Panel Bin, 34w x 5-1/4d x 20-1/2h"
Storage,149.73,West,CA-2017-154074,8/31/2017,9/2/2017,Second Class,BW-11110,Bart Watters,Corporate,United States,Spokane,Washington,OFF-ST-10002370,Office Supplies,"Sortfiler Multipurpose Personal File Organizer, Black"
Storage,150.66,West,CA-2016-123358,4/10/2016,4/17/2016,Standard Class,BT-11680,Brian Thompson,Consumer,United States,San Francisco,California,OFF-ST-10000636,Office Supplies,Rogers Profile Extra Capacity Storage Tub
Storage,153.78,West,US-2017-123862,1/7/2017,1/9/2017,Second Class,JF-15190,Jamie Frazer,Consumer,United States,Long Beach,California,OFF-ST-10000760,Office Supplies,Eldon Fold 'N Roll Cart System
Storage,154.44,West,CA-2016-144729,10/21/2016,10/25/2016,Standard Class,JE-15745,Joel Eaton,Consumer,United States,San Diego,California,OFF-ST-10004804,Office Supplies,"Belkin 19"" Vented Equipment Shelf, Black"
Storage,155.82,West,CA-2016-105494,11/10/2016,11/12/2016,First Class,PC-18745,Pamela Coakley,Corporate,United States,San Francisco,California,OFF-ST-10002205,Office Supplies,File Shuttle I and Handi-File
Storage,158.9,West,CA-2014-126361,8/4/2014,8/9/2014,Second Class,VD-21670,Valerie Dominguez,Consumer,United States,Pleasant Grove,Utah,OFF-ST-10002289,Office Supplies,"Safco Wire Cube Shelving System, For Use as 4 or 5 14"" Cubes, Black"
Storage,158.9,West,CA-2017-161578,12/16/2017,12/21/2017,Second Class,RB-19465,Rick Bensley,Home Office,United States,Los Angeles,California,OFF-ST-10002289,Office Supplies,"Safco Wire Cube Shelving System, For Use as 4 or 5 14"" Cubes, Black"
Storage,161.94,West,CA-2016-141397,6/20/2016,6/21/2016,First Class,RC-19825,Roy Collins,Consumer,United States,Pasadena,California,OFF-ST-10001469,Office Supplies,Fellowes Bankers Box Recycled Super Stor/Drawer
Storage,168.624,West,US-2017-106131,1/14/2017,1/16/2017,First Class,TP-21565,Tracy Poddar,Corporate,United States,Aurora,Colorado,OFF-ST-10003638,Office Supplies,Mobile Personal File Cube
Storage,169.45,West,CA-2014-158225,9/22/2014,9/28/2014,Standard Class,SE-20110,Sanjit Engle,Consumer,United States,San Jose,California,OFF-ST-10000675,Office Supplies,"File Shuttle II and Handi-File, Black"
Storage,169.68,West,US-2017-132444,11/18/2017,11/21/2017,First Class,CD-12280,Christina DeMoss,Consumer,United States,Seattle,Washington,OFF-ST-10003442,Office Supplies,Eldon Portable Mobile Manager
Storage,186.54,West,CA-2016-100993,2/5/2016,2/10/2016,Standard Class,AZ-10750,Annie Zypern,Consumer,United States,San Diego,California,OFF-ST-10004340,Office Supplies,"Fellowes Mobile File Cart, Black"
Storage,186.54,West,CA-2017-168942,8/1/2017,8/5/2017,Second Class,EM-13960,Eric Murdock,Consumer,United States,San Francisco,California,OFF-ST-10004340,Office Supplies,"Fellowes Mobile File Cart, Black"
Storage,193.95,West,CA-2017-132619,8/31/2017,9/5/2017,Standard Class,MS-17770,Maxwell Schwartz,Consumer,United States,San Francisco,California,OFF-ST-10001511,Office Supplies,Space Solutions Commercial Steel Shelving
Storage,197.58,West,CA-2014-127131,11/24/2014,11/30/2014,Standard Class,HR-14830,Harold Ryan,Corporate,United States,Seattle,Washington,OFF-ST-10000036,Office Supplies,"Recycled Data-Pak for Archival Bound Computer Printouts, 12-1/2 x 12-1/2 x 16"
Storage,199.74,West,CA-2015-102036,9/21/2015,9/27/2015,Standard Class,CS-12130,Chad Sievert,Consumer,United States,Seattle,Washington,OFF-ST-10003123,Office Supplies,Fellowes Bases and Tops For Staxonsteel/High-Stak Systems
Storage,204.9,West,CA-2014-104563,3/7/2014,3/12/2014,Standard Class,CM-12715,Craig Molinari,Corporate,United States,Seattle,Washington,OFF-ST-10000934,Office Supplies,"Contico 72""H Heavy-Duty Storage System"
Storage,205.92,West,CA-2017-108070,4/16/2017,4/20/2017,Standard Class,JE-15745,Joel Eaton,Consumer,United States,San Jose,California,OFF-ST-10004804,Office Supplies,"Belkin 19"" Vented Equipment Shelf, Black"
Storage,211.96,West,CA-2014-123344,9/24/2014,9/29/2014,Standard Class,JD-16060,Julia Dunbar,Consumer,United States,San Francisco,California,OFF-ST-10001713,Office Supplies,"Gould Plastics 9-Pocket Panel Bin, 18-3/8w x 5-1/4d x 20-1/2h, Black"
Storage,215.592,West,US-2017-120418,6/11/2017,6/12/2017,First Class,BC-11125,Becky Castell,Home Office,United States,Peoria,Arizona,OFF-ST-10001809,Office Supplies,Fellowes Officeware Wire Shelving
Storage,217.85,West,CA-2017-141929,9/4/2017,9/8/2017,Standard Class,RA-19285,Ralph Arnett,Consumer,United States,Los Angeles,California,OFF-ST-10002974,Office Supplies,"Trav-L-File Heavy-Duty Shuttle II, Black"
Storage,221.96,West,CA-2015-129532,12/8/2015,12/12/2015,Standard Class,YS-21880,Yana Sorensen,Corporate,United States,Los Angeles,California,OFF-ST-10004186,Office Supplies,"Stur-D-Stor Shelving, Vertical 5-Shelf: 72""H x 36""W x 18 1/2""D"
Storage,226.56,West,CA-2017-119011,8/20/2017,8/25/2017,Standard Class,LR-17035,Lisa Ryan,Corporate,United States,San Francisco,California,OFF-ST-10000777,Office Supplies,"Companion Letter/Legal File, Black"
Storage,227.28,West,CA-2016-135776,12/23/2016,12/30/2016,Standard Class,EH-13765,Edward Hooks,Corporate,United States,Seattle,Washington,OFF-ST-10002743,Office Supplies,SAFCO Boltless Steel Shelving
Storage,236.5,West,CA-2014-117464,7/22/2014,7/24/2014,Second Class,NP-18325,Naresj Patel,Consumer,United States,San Francisco,California,OFF-ST-10003058,Office Supplies,Eldon Mobile Mega Data Cart  Mega Stackable  Add-On Trays
Storage,237.096,West,CA-2017-117646,8/21/2017,8/25/2017,Standard Class,SC-20845,Sung Chung,Consumer,United States,Louisville,Colorado,OFF-ST-10000036,Office Supplies,"Recycled Data-Pak for Archival Bound Computer Printouts, 12-1/2 x 12-1/2 x 16"
Storage,242.94,West,CA-2014-156587,3/7/2014,3/8/2014,First Class,AB-10015,Aaron Bergman,Consumer,United States,Seattle,Washington,OFF-ST-10002344,Office Supplies,"Carina 42""Hx23 3/4""W Media Storage Unit"
Storage,242.94,West,CA-2017-116288,3/12/2017,3/17/2017,Standard Class,BS-11380,Bill Stewart,Corporate,United States,San Francisco,California,OFF-ST-10000736,Office Supplies,Carina Double Wide Media Storage Towers in Natural & Black
Storage,242.94,West,CA-2017-131954,1/21/2017,1/25/2017,Standard Class,DS-13030,Darrin Sayre,Home Office,United States,Seattle,Washington,OFF-ST-10000736,Office Supplies,Carina Double Wide Media Storage Towers in Natural & Black
Storage,243.384,West,US-2016-135720,12/11/2016,12/13/2016,Second Class,FM-14380,Fred McMath,Consumer,United States,Aurora,Colorado,OFF-ST-10001963,Office Supplies,Tennsco Regal Shelving Units
Storage,243.992,West,US-2017-107272,11/5/2017,11/12/2017,Standard Class,TS-21610,Troy Staebel,Consumer,United States,Phoenix,Arizona,OFF-ST-10002974,Office Supplies,"Trav-L-File Heavy-Duty Shuttle II, Black"
Storage,247.104,West,CA-2015-144806,12/6/2015,12/11/2015,Standard Class,GH-14425,Gary Hwang,Consumer,United States,Tucson,Arizona,OFF-ST-10004804,Office Supplies,"Belkin 19"" Vented Equipment Shelf, Black"
Storage,249.75,West,CA-2014-110184,7/12/2014,7/16/2014,Standard Class,BF-11170,Ben Ferrer,Home Office,United States,Los Angeles,California,OFF-ST-10000107,Office Supplies,Fellowes Super Stor/Drawer
Storage,261.74,West,CA-2016-103709,9/8/2016,9/15/2016,Standard Class,LP-17095,Liz Preis,Consumer,United States,Visalia,California,OFF-ST-10001272,Office Supplies,"Mini 13-1/2 Capacity Data Binder Rack, Pearl"
Storage,261.74,West,CA-2017-112515,9/17/2017,9/21/2017,Second Class,AS-10225,Alan Schoenberger,Corporate,United States,Provo,Utah,OFF-ST-10001272,Office Supplies,"Mini 13-1/2 Capacity Data Binder Rack, Pearl"
Storage,269.36,West,CA-2014-101392,12/7/2014,12/13/2014,Standard Class,AS-10630,Ann Steele,Home Office,United States,Seattle,Washington,OFF-ST-10000532,Office Supplies,Advantus Rolling Drawer Organizers
Storage,270.34,West,US-2015-119312,10/2/2015,10/7/2015,Second Class,CS-12400,Christopher Schild,Home Office,United States,Los Angeles,California,OFF-ST-10000943,Office Supplies,Eldon ProFile File 'N Store Portable File Tub Letter/Legal Size Black
Storage,270.62,West,CA-2017-121398,12/25/2017,12/29/2017,Standard Class,FH-14365,Fred Hopkins,Corporate,United States,Los Angeles,California,OFF-ST-10002756,Office Supplies,"Tennsco Stur-D-Stor Boltless Shelving, 5 Shelves, 24"" Deep, Sand"
Storage,272.736,West,CA-2015-143364,7/14/2015,7/19/2015,Second Class,TG-21310,Toby Gnade,Consumer,United States,Mesa,Arizona,OFF-ST-10002743,Office Supplies,SAFCO Boltless Steel Shelving
Storage,276.28,West,CA-2014-169642,7/27/2014,7/30/2014,Second Class,BB-10990,Barry Blumstein,Corporate,United States,Los Angeles,California,OFF-ST-10002574,Office Supplies,"SAFCO Commercial Wire Shelving, Black"
Storage,304.23,West,CA-2015-115945,6/25/2015,7/1/2015,Standard Class,AB-10165,Alan Barnes,Consumer,United States,Los Angeles,California,OFF-ST-10001963,Office Supplies,Tennsco Regal Shelving Units
Storage,304.9,West,CA-2015-126725,11/17/2015,11/21/2015,Standard Class,BS-11665,Brian Stugart,Consumer,United States,San Diego,California,OFF-ST-10001418,Office Supplies,Carina Media Storage Towers in Natural & Black
Storage,305.01,West,CA-2016-153661,1/30/2016,1/31/2016,First Class,SC-20725,Steven Cartwright,Consumer,United States,San Francisco,California,OFF-ST-10000675,Office Supplies,"File Shuttle II and Handi-File, Black"
Storage,305.01,West,CA-2017-126242,11/19/2017,11/24/2017,Standard Class,MC-18100,Mick Crebagga,Consumer,United States,Los Angeles,California,OFF-ST-10000675,Office Supplies,"File Shuttle II and Handi-File, Black"
Storage,310.12,West,CA-2014-127586,9/26/2014,9/30/2014,Standard Class,CS-12400,Christopher Schild,Home Office,United States,Seattle,Washington,OFF-ST-10002615,Office Supplies,"Dual Level, Single-Width Filing Carts"
Storage,310.12,West,CA-2017-129294,3/16/2017,3/21/2017,Standard Class,KD-16615,Ken Dana,Corporate,United States,Los Angeles,California,OFF-ST-10002615,Office Supplies,"Dual Level, Single-Width Filing Carts"
Storage,323.1,West,CA-2015-130113,12/27/2015,12/31/2015,Standard Class,AH-10030,Aaron Hawkins,Corporate,United States,San Francisco,California,OFF-ST-10000046,Office Supplies,Fellowes Super Stor/Drawer Files
Storage,323.1,West,CA-2015-147788,5/31/2015,6/4/2015,Standard Class,TM-21010,Tamara Manning,Consumer,United States,Orem,Utah,OFF-ST-10000046,Office Supplies,Fellowes Super Stor/Drawer Files
Storage,323.1,West,CA-2015-162369,8/15/2015,8/19/2015,Standard Class,TT-21265,Tim Taslimi,Corporate,United States,Los Angeles,California,OFF-ST-10000046,Office Supplies,Fellowes Super Stor/Drawer Files
Storage,323.1,West,CA-2017-151358,8/18/2017,8/22/2017,Standard Class,NF-18595,Nicole Fjeld,Home Office,United States,Seattle,Washington,OFF-ST-10000046,Office Supplies,Fellowes Super Stor/Drawer Files
Storage,324.9,West,US-2017-140907,12/10/2017,12/12/2017,Second Class,BP-11185,Ben Peterman,Corporate,United States,Seattle,Washington,OFF-ST-10000060,Office Supplies,Fellowes Bankers Box Staxonsteel Drawer File/Stacking System
Storage,330.4,West,CA-2014-120838,3/23/2014,3/26/2014,Second Class,PO-18865,Patrick O'Donnell,Consumer,United States,Los Angeles,California,OFF-ST-10000585,Office Supplies,Economy Rollaway Files
Storage,330.4,West,CA-2017-167913,7/30/2017,8/3/2017,Second Class,JL-15835,John Lee,Consumer,United States,Mission Viejo,California,OFF-ST-10000585,Office Supplies,Economy Rollaway Files
Storage,332.94,West,CA-2016-116561,9/11/2016,9/17/2016,Standard Class,EB-14110,Eugene Barchas,Consumer,United States,San Jose,California,OFF-ST-10004186,Office Supplies,"Stur-D-Stor Shelving, Vertical 5-Shelf: 72""H x 36""W x 18 1/2""D"
Storage,338.04,West,CA-2016-114727,7/18/2016,7/24/2016,Standard Class,LS-16945,Linda Southworth,Corporate,United States,Denver,Colorado,OFF-ST-10000689,Office Supplies,"Fellowes Strictly Business Drawer File, Letter/Legal Size"
Storage,340.92,West,CA-2014-144666,11/9/2014,11/11/2014,Second Class,JP-15520,Jeremy Pistek,Consumer,United States,San Francisco,California,OFF-ST-10002743,Office Supplies,SAFCO Boltless Steel Shelving
Storage,340.92,West,CA-2016-161746,10/21/2016,10/27/2016,Standard Class,CS-11950,Carlos Soltero,Consumer,United States,Los Angeles,California,OFF-ST-10002743,Office Supplies,SAFCO Boltless Steel Shelving
Storage,344.91,West,CA-2014-119144,11/16/2014,11/18/2014,First Class,JD-16150,Justin Deggeller,Corporate,United States,Los Angeles,California,OFF-ST-10000991,Office Supplies,Space Solutions HD Industrial Steel Shelving.
Storage,344.91,West,CA-2017-122490,11/13/2017,11/18/2017,Standard Class,TT-21070,Ted Trevino,Consumer,United States,Seattle,Washington,OFF-ST-10000991,Office Supplies,Space Solutions HD Industrial Steel Shelving.
Storage,352.38,West,CA-2016-115224,12/8/2016,12/11/2016,Second Class,DB-13615,Doug Bickford,Consumer,United States,San Francisco,California,OFF-ST-10003816,Office Supplies,Fellowes High-Stak Drawer Files
Storage,353.88,West,CA-2015-117772,9/10/2015,9/12/2015,Second Class,MC-17575,Matt Collins,Consumer,United States,Seattle,Washington,OFF-ST-10003994,Office Supplies,"Belkin 19"" Center-Weighted Shelf, Gray"
Storage,354.9,West,CA-2017-145807,2/9/2017,2/13/2017,Standard Class,SB-20170,Sarah Bern,Consumer,United States,Los Angeles,California,OFF-ST-10001370,Office Supplies,Sensible Storage WireTech Storage Systems
Storage,354.9,West,CA-2017-161956,8/27/2017,8/29/2017,Second Class,DR-12880,Dan Reichenbach,Corporate,United States,Inglewood,California,OFF-ST-10001370,Office Supplies,Sensible Storage WireTech Storage Systems
Storage,359.32,West,CA-2014-124429,5/27/2014,5/27/2014,Same Day,MH-17785,Maya Herman,Corporate,United States,San Diego,California,OFF-ST-10001809,Office Supplies,Fellowes Officeware Wire Shelving
Storage,359.32,West,CA-2017-111591,3/21/2017,3/25/2017,Standard Class,PS-18970,Paul Stevenson,Home Office,United States,Seattle,Washington,OFF-ST-10001809,Office Supplies,Fellowes Officeware Wire Shelving
Storage,360.38,West,CA-2015-134075,12/12/2015,12/16/2015,Standard Class,HA-14905,Helen Abelman,Consumer,United States,San Jose,California,OFF-ST-10001496,Office Supplies,Standard Rollaway File with Lock
Storage,362.92,West,CA-2014-115889,11/2/2014,11/6/2014,Standard Class,SH-20395,Shahid Hopkins,Consumer,United States,San Francisco,California,OFF-ST-10003208,Office Supplies,Adjustable Depth Letter/Legal Cart
Storage,363.648,West,CA-2015-124800,9/26/2015,9/30/2015,Standard Class,RW-19540,Rick Wilson,Corporate,United States,Mesa,Arizona,OFF-ST-10002743,Office Supplies,SAFCO Boltless Steel Shelving
Storage,405.64,West,CA-2014-106439,10/31/2014,11/4/2014,Standard Class,GG-14650,Greg Guthrie,Corporate,United States,Los Angeles,California,OFF-ST-10001963,Office Supplies,Tennsco Regal Shelving Units
Storage,415.872,West,CA-2017-169894,11/24/2017,11/29/2017,Second Class,MV-17485,Mark Van Huff,Consumer,United States,Mesa,Arizona,OFF-ST-10000060,Office Supplies,Fellowes Bankers Box Staxonsteel Drawer File/Stacking System
Storage,421.1,West,CA-2017-147410,9/4/2017,9/8/2017,Standard Class,EJ-14155,Eva Jacobs,Consumer,United States,Santa Ana,California,OFF-ST-10003805,Office Supplies,"24 Capacity Maxi Data Binder Racks, Pearl"
Storage,423.28,West,CA-2014-154669,8/8/2014,8/11/2014,Second Class,TM-21010,Tamara Manning,Consumer,United States,Vacaville,California,OFF-ST-10000532,Office Supplies,Advantus Rolling Drawer Organizers
Storage,443.92,West,CA-2014-148915,11/1/2014,11/5/2014,Standard Class,ND-18370,Natalie DeCherney,Consumer,United States,Portland,Oregon,OFF-ST-10001128,Office Supplies,"Carina Mini System Audio Rack, Model AR050B"
Storage,443.92,West,CA-2015-101154,9/18/2015,9/21/2015,First Class,CM-12190,Charlotte Melton,Consumer,United States,San Diego,California,OFF-ST-10004186,Office Supplies,"Stur-D-Stor Shelving, Vertical 5-Shelf: 72""H x 36""W x 18 1/2""D"
Storage,449.15,West,CA-2016-139010,2/21/2016,2/26/2016,Second Class,MC-17635,Matthew Clasen,Corporate,United States,Los Angeles,California,OFF-ST-10001809,Office Supplies,Fellowes Officeware Wire Shelving
Storage,452.55,West,US-2017-163790,11/2/2017,11/4/2017,Second Class,NL-18310,Nancy Lomonaco,Home Office,United States,Danville,California,OFF-ST-10001511,Office Supplies,Space Solutions Commercial Steel Shelving
Storage,454.86,West,CA-2015-153416,11/24/2015,11/29/2015,Standard Class,TS-21340,Toby Swindell,Consumer,United States,Los Angeles,California,OFF-ST-10000060,Office Supplies,Fellowes Bankers Box Staxonsteel Drawer File/Stacking System
Storage,477.15,West,US-2017-116897,5/27/2017,5/29/2017,First Class,JG-15160,James Galang,Consumer,United States,Pocatello,Idaho,OFF-ST-10000025,Office Supplies,Fellowes Stor/Drawer Steel Plus Storage Drawers
Storage,481.32,West,CA-2017-120936,12/17/2017,12/21/2017,Standard Class,CA-12310,Christine Abelman,Corporate,United States,Anaheim,California,OFF-ST-10001526,Office Supplies,Iceberg Mobile Mega Data/Printer Cart
Storage,481.32,West,US-2016-111528,12/30/2016,12/30/2016,Same Day,JP-16135,Julie Prescott,Home Office,United States,Los Angeles,California,OFF-ST-10001526,Office Supplies,Iceberg Mobile Mega Data/Printer Cart
Storage,484.65,West,CA-2015-126445,8/27/2015,8/31/2015,Standard Class,RA-19945,Ryan Akin,Consumer,United States,Murrieta,California,OFF-ST-10000046,Office Supplies,Fellowes Super Stor/Drawer Files
Storage,485.88,West,CA-2014-107818,9/8/2014,9/14/2014,Standard Class,MC-17275,Marc Crier,Consumer,United States,Pasco,Washington,OFF-ST-10000736,Office Supplies,Carina Double Wide Media Storage Towers in Natural & Black
Storage,485.88,West,CA-2014-127131,11/24/2014,11/30/2014,Standard Class,HR-14830,Harold Ryan,Corporate,United States,Seattle,Washington,OFF-ST-10002344,Office Supplies,"Carina 42""Hx23 3/4""W Media Storage Unit"
Storage,511.056,West,CA-2016-108875,9/24/2016,10/1/2016,Standard Class,CL-12700,Craig Leslie,Home Office,United States,Aurora,Colorado,OFF-ST-10001370,Office Supplies,Sensible Storage WireTech Storage Systems
Storage,535.41,West,CA-2014-127866,7/20/2014,7/23/2014,First Class,JD-15895,Jonathan Doherty,Corporate,United States,Riverside,California,OFF-ST-10001490,Office Supplies,"Hot File 7-Pocket, Floor Stand"
Storage,540.57,West,CA-2015-120880,5/29/2015,6/3/2015,Standard Class,JL-15850,John Lucas,Consumer,United States,Seattle,Washington,OFF-ST-10001496,Office Supplies,Standard Rollaway File with Lock
Storage,540.57,West,CA-2017-166093,8/17/2017,8/24/2017,Standard Class,RW-19540,Rick Wilson,Corporate,United States,Brentwood,California,OFF-ST-10001496,Office Supplies,Standard Rollaway File with Lock
Storage,541.24,West,CA-2017-101805,12/1/2017,12/6/2017,Standard Class,SH-19975,Sally Hughsby,Corporate,United States,Seattle,Washington,OFF-ST-10002756,Office Supplies,"Tennsco Stur-D-Stor Boltless Shelving, 5 Shelves, 24"" Deep, Sand"
Storage,559.62,West,CA-2017-116715,12/2/2017,12/5/2017,First Class,VW-21775,Victoria Wilson,Corporate,United States,San Francisco,California,OFF-ST-10004340,Office Supplies,"Fellowes Mobile File Cart, Black"
Storage,572.58,West,CA-2017-121489,8/21/2017,8/25/2017,Second Class,CM-11815,Candace McMahon,Corporate,United States,Seattle,Washington,OFF-ST-10000025,Office Supplies,Fellowes Stor/Drawer Steel Plus Storage Drawers
Storage,579.51,West,CA-2016-123358,4/10/2016,4/17/2016,Standard Class,BT-11680,Brian Thompson,Consumer,United States,San Francisco,California,OFF-ST-10001932,Office Supplies,Fellowes Staxonsteel Drawer Files
Storage,593.568,West,CA-2016-114727,7/18/2016,7/24/2016,Standard Class,LS-16945,Linda Southworth,Corporate,United States,Denver,Colorado,OFF-ST-10002292,Office Supplies,"Sauder Facets Collection Locker/File Cabinet, Sky Alder Finish"
Storage,636.408,West,US-2014-140116,3/10/2014,3/17/2014,Standard Class,KT-16480,Kean Thornton,Consumer,United States,Denver,Colorado,OFF-ST-10000078,Office Supplies,Tennsco 6- and 18-Compartment Lockers
Storage,669.08,West,CA-2014-168984,11/26/2014,12/2/2014,Standard Class,NW-18400,Natalie Webber,Consumer,United States,Tigard,Oregon,OFF-ST-10001097,Office Supplies,Office Impressions Heavy Duty Welded Shelving & Multimedia Storage Drawers
Storage,671.93,West,CA-2015-110744,9/7/2015,9/12/2015,Standard Class,HA-14920,Helen Andreada,Consumer,United States,Pasadena,California,OFF-ST-10003656,Office Supplies,Safco Industrial Wire Shelving
Storage,676.55,West,CA-2016-127138,3/12/2016,3/15/2016,Second Class,DK-13225,Dean Katz,Corporate,United States,San Francisco,California,OFF-ST-10002756,Office Supplies,"Tennsco Stur-D-Stor Boltless Shelving, 5 Shelves, 24"" Deep, Sand"
Storage,718.64,West,CA-2015-150714,10/26/2015,11/1/2015,Standard Class,KH-16690,Kristen Hastings,Corporate,United States,Springfield,Oregon,OFF-ST-10001809,Office Supplies,Fellowes Officeware Wire Shelving
Storage,720.76,West,CA-2016-158694,11/10/2016,11/13/2016,Second Class,AI-10855,Arianne Irving,Consumer,United States,Los Angeles,California,OFF-ST-10001496,Office Supplies,Standard Rollaway File with Lock
Storage,725.84,West,CA-2017-108539,3/21/2017,3/23/2017,Second Class,SC-20725,Steven Cartwright,Consumer,United States,Los Angeles,California,OFF-ST-10003208,Office Supplies,Adjustable Depth Letter/Legal Cart
Storage,725.84,West,CA-2017-163979,12/28/2017,1/2/2018,Second Class,KH-16690,Kristen Hastings,Corporate,United States,San Francisco,California,OFF-ST-10003208,Office Supplies,Adjustable Depth Letter/Legal Cart
Storage,728.82,West,CA-2015-121188,8/28/2015,9/4/2015,Standard Class,CB-12025,Cassandra Brandow,Consumer,United States,Los Angeles,California,OFF-ST-10000736,Office Supplies,Carina Double Wide Media Storage Towers in Natural & Black
Storage,763.44,West,CA-2017-132178,5/3/2017,5/8/2017,Second Class,DB-12970,Darren Budd,Corporate,United States,Los Angeles,California,OFF-ST-10000025,Office Supplies,Fellowes Stor/Drawer Steel Plus Storage Drawers
Storage,772.68,West,CA-2016-161025,12/3/2016,12/9/2016,Standard Class,GM-14440,Gary McGarr,Consumer,United States,Los Angeles,California,OFF-ST-10001932,Office Supplies,Fellowes Staxonsteel Drawer Files
Storage,777.21,West,CA-2015-126725,11/17/2015,11/21/2015,Standard Class,BS-11665,Brian Stugart,Consumer,United States,San Diego,California,OFF-ST-10000129,Office Supplies,Fellowes Recycled Storage Drawers
Storage,795.48,West,US-2017-147886,3/28/2017,3/31/2017,First Class,DH-13075,Dave Hallsten,Corporate,United States,Fairfield,California,OFF-ST-10002743,Office Supplies,SAFCO Boltless Steel Shelving
Storage,807.75,West,CA-2014-111962,9/29/2014,10/4/2014,Standard Class,EB-14170,Evan Bailliet,Consumer,United States,Seattle,Washington,OFF-ST-10000046,Office Supplies,Fellowes Super Stor/Drawer Files
Storage,811.28,West,CA-2017-137022,11/16/2017,11/22/2017,Standard Class,SW-20275,Scott Williamson,Consumer,United States,San Diego,California,OFF-ST-10001963,Office Supplies,Tennsco Regal Shelving Units
Storage,892.35,West,CA-2015-121188,8/28/2015,9/4/2015,Standard Class,CB-12025,Cassandra Brandow,Consumer,United States,Los Angeles,California,OFF-ST-10001490,Office Supplies,"Hot File 7-Pocket, Floor Stand"
Storage,947.17,West,CA-2015-142601,4/18/2015,4/20/2015,Second Class,DE-13255,Deanra Eno,Home Office,United States,Los Angeles,California,OFF-ST-10002756,Office Supplies,"Tennsco Stur-D-Stor Boltless Shelving, 5 Shelves, 24"" Deep, Sand"
Storage,998.82,West,CA-2014-143371,12/28/2014,1/3/2015,Standard Class,MD-17350,Maribeth Dona,Consumer,United States,Anaheim,California,OFF-ST-10001128,Office Supplies,"Carina Mini System Audio Rack, Model AR050B"
Storage,1000.02,West,CA-2017-119809,8/18/2017,8/25/2017,Standard Class,YS-21880,Yana Sorensen,Corporate,United States,Seattle,Washington,OFF-ST-10003306,Office Supplies,Letter Size Cart
Storage,1000.02,West,CA-2017-138380,12/21/2017,12/25/2017,Standard Class,YS-21880,Yana Sorensen,Corporate,United States,Oakland,California,OFF-ST-10003306,Office Supplies,Letter Size Cart
Storage,1003.62,West,CA-2017-147956,12/24/2017,12/31/2017,Standard Class,AH-10210,Alan Hwang,Consumer,United States,Seattle,Washington,OFF-ST-10001097,Office Supplies,Office Impressions Heavy Duty Welded Shelving & Multimedia Storage Drawers
Storage,1085.42,West,CA-2016-144218,10/31/2016,11/4/2016,Standard Class,JD-15895,Jonathan Doherty,Corporate,United States,Los Angeles,California,OFF-ST-10002615,Office Supplies,"Dual Level, Single-Width Filing Carts"
Storage,1112.94,West,US-2016-155768,12/1/2016,12/1/2016,Same Day,LB-16795,Laurel Beltran,Home Office,United States,Oxnard,California,OFF-ST-10002292,Office Supplies,"Sauder Facets Collection Locker/File Cabinet, Sky Alder Finish"
Storage,1117.92,West,CA-2015-165162,5/14/2015,5/21/2015,Standard Class,HG-15025,Hunter Glantz,Consumer,United States,Los Angeles,California,OFF-ST-10003470,Office Supplies,"Tennsco Snap-Together Open Shelving Units, Starter Sets and Add-On Units"
Storage,1117.92,West,CA-2016-135776,12/23/2016,12/30/2016,Standard Class,EH-13765,Edward Hooks,Corporate,United States,Seattle,Washington,OFF-ST-10003470,Office Supplies,"Tennsco Snap-Together Open Shelving Units, Starter Sets and Add-On Units"
Storage,1126.02,West,CA-2017-127432,1/22/2017,1/27/2017,Standard Class,AD-10180,Alan Dominguez,Home Office,United States,Great Falls,Montana,OFF-ST-10004459,Office Supplies,Tennsco Single-Tier Lockers
Storage,1247.64,West,CA-2015-111829,3/19/2015,3/20/2015,First Class,FH-14365,Fred Hopkins,Corporate,United States,Seattle,Washington,OFF-ST-10000142,Office Supplies,Deluxe Rollaway Locking File with Drawer
Storage,1261.33,West,CA-2014-106726,12/6/2014,12/8/2014,First Class,RS-19765,Roland Schwarz,Corporate,United States,Los Angeles,California,OFF-ST-10001496,Office Supplies,Standard Rollaway File with Lock
Storage,1295.78,West,CA-2017-100650,6/29/2017,7/3/2017,Second Class,DK-13225,Dean Katz,Corporate,United States,Anaheim,California,OFF-ST-10001780,Office Supplies,Tennsco 16-Compartment Lockers with Coat Rack
Storage,1325.85,West,CA-2014-157147,1/13/2014,1/18/2014,Standard Class,BD-11605,Brian Dahlen,Consumer,United States,San Francisco,California,OFF-ST-10000078,Office Supplies,Tennsco 6- and 18-Compartment Lockers
Storage,1325.85,West,US-2015-114741,12/6/2015,12/10/2015,Standard Class,IL-15100,Ivan Liston,Consumer,United States,North Las Vegas,Nevada,OFF-ST-10000078,Office Supplies,Tennsco 6- and 18-Compartment Lockers
Storage,1575.14,West,CA-2017-105914,10/2/2017,10/8/2017,Standard Class,PV-18985,Paul Van Hugh,Home Office,United States,Los Angeles,California,OFF-ST-10003716,Office Supplies,Tennsco Double-Tier Lockers
Storage,1856.19,West,US-2014-131275,3/18/2014,3/24/2014,Standard Class,SC-20050,Sample Company A,Home Office,United States,Burbank,California,OFF-ST-10000078,Office Supplies,Tennsco 6- and 18-Compartment Lockers
